
@article{ Ierusalimschy:the_implementation_of_lua,
	author =     {R. Ierusalimschy and L. H. de Figueiredo and W. Celes},
	title =      {The Implementation of Lua 5.0},
	journal =    {Journal of Universal Computer Science},
	year =       {2005},
	volume =     {11},
	number =     {7},
	pages =      {1159--1176},
	date =       {2005-07-28},
	month =      jul,
	note =       {\url{http://www.jucs.org/jucs\_11\_7/the\_implementation\_of\_lua}}
 }
 
@misc{ website:lua_about,
	title = 		{About Lua},
	howpublished = 	{Lua official website},
	note =			{\url{http://www.lua.org/about.html}, retrieved 09.09.2013 17:57},
	key = 			{Lua}

}

@misc{ website:luajit,
	title = 		{LuaJIT Performance Comparison},
	howpublished = 	{LuaJIT official website, performance},
	note =			{\url{http://luajit.org/performance.html}, retrieved 09.09.2013 20:26},
	key = 			{JIT}

}

@misc{ website:lua_performance_tests,
	title = 		{Computer Language Benchmarks Game},
	howpublished = 	{Website, overview of test results},
	note =			{\url{http://benchmarksgame.alioth.debian.org/u32/benchmark.php?test=all&lang=lua&lang2=perl&data=u32}, retrieved 09.09.2013 20:55},
	key = 			{CLBG}

}

@book{ book:lua_gems,
	editor =		{R. Ierusalimschy and L. H. de Figueiredo and W. Celes},
	title = 		{Lua Programming Gems},
	publisher = 	{Lua.org},
	year = 			{2008}
}

@misc{ website:where_lua_is_used,
	title = 		{Where Lua Is Used},
	author = 		{Merrell, Paul E.},
	howpublished = 	{Website, list},
	note = 			{\url{https://sites.google.com/site/marbux/home/where-lua-is-used}, retrieved 10.09.2013 19:58},
	key = 			{PEM}
}

@book{ book:lua_reference_manual,
	title = 		{Lua 5.2 Reference Manual},
	author =    	{R. Ierusalimschy and L. H. de Figueiredo and W. Celes},
	publisher = 	{Lua.org, PUC-Rio},
	year = 			{2011}

}




