%*************************************************************
% TECHREPORTS
%*************************************************************
@techreport{ techreport:lua_concurrent,
	author = 		"Alexandre Skyrme and Noemi Rodriguez and Roberto Ierusalimschy",
	title = 		"Exploring Lua for {C}oncurrent {P}rogramming",
	institution =	"Pontificia Universidade Catolica do Rio de Janeiro",
	year =			2008,
	note = 			"\url{http://www.inf.puc-rio.br/~roberto/docs/ry08-05.pdf}, retrieved 09.12.2013",
}

@techreport{ techreport:uml_state_machines,
	author = 		"Alexander Knapp",
	title = 		"Semantics for {UML} {S}tate {M}achines",
	institution =	"Ludwig-Maximilians-Universit{\"a}t M{\"u}nchen",
	year =			2004,
	note = 			"\url{http://citeseerx.ist.psu.edu/viewdoc/download?doi=10.1.1.64.1505&rep=rep1&type=pdf}, retrieved 11.12.2013",
}

%*************************************************************
% ARTICLES
%*************************************************************
@article{ article:the_implementation_of_lua,
	author =     "R. Ierusalimschy and L. H. de Figueiredo and W. Celes",
	title =      "The {I}mplementation of {L}ua 5.0",
	journal =    "Journal of Universal Computer Science",
	year =       "2005",
	volume =     "11",
	number =     "7",
	pages =      "1159--1176",
	date =       "2005-07-28",
	note =       "\url{http://www.jucs.org/jucs_11_7/the_implementation_of_lua}"
}

@article{ article:passing_a_language,
	author =     "R. Ierusalimschy and L. H. de Figueiredo and W. Celes",
	title =      "Passing a {L}anguage through the {E}ye if a {N}eedle",
	journal =    "ACM Queue - Programming Languages",
	year =       "2011",
	volume =     "9",
	number =     "5",
	date =       "2011-05-12",
	note =       "\url{http://queue.acm.org/detail.cfm?id=1983083}"
}

@article{ article:itut_methodologies,
	author =     "Rolv Br{\ae}k",
	title =      "On {M}ethodology {U}sing the {ITU-T}
	{L}anguages and {UML}",
	journal =    "Telektronikk",
	year =       "2004",
	volume =     "4",
	pages =      "96-106",
}

@article{ article:compositional_arctis,
	author =     "Frank A. Kraemer and Rolv Br{\ae}k and Peter Herrmann",
	title =      "Compositional {S}ervice {E}ngineering with {A}rctis",
	journal =    "Telektronikk",
	year =       "2009",
	volume =     "1",
	pages =      "135-151",
}

%*************************************************************
% WEBSITES
%*************************************************************
@misc{ website:lua_about,
	title = 		"About {L}ua",
	howpublished = 	"Lua official website",
	note =			"\url{http://www.lua.org/about.html}, retrieved 09.09.2013",
	author = 		"Lua.org"
}

@misc {website:lua_license,
	title = 		"Lua license",
	howpublished = 	"Lua official website (license declaration)",
	note = 			"\url{http://www.lua.org/license.html}, retrieved 11.09.2013",
	key = 			"LLi",
}

@misc {website:the_engine_survey,
	title = 		"The {E}ngine {S}urvey: {G}eneral {R}esults",
	howpublished = 	"website (blog post)",
	note = 			"\url{http://www.satori.org/2009/03/the-engine-survey-general-results/}, retrieved 11.09.2013",
	author = 		"DeLoura, Mark",
	year = 			"2009"
}

@misc {website:lua_wiki_python,
	title = 		"Lua-users wiki: {L}ua {V}ersus {P}ython",
	howpublished = 	"website (wiki)",
	note = 			"\url{http://lua-users.org/wiki/LuaVersusPython}, retrieved 18.09.2013",
	key = 			"LvPy",
}

@misc {website:lua_wiki_perl,
	title = 		"Lua-users wiki: {L}ua {V}ersus {P}erl",
	howpublished = 	"website (wiki)",
	note = 			"\url{http://lua-users.org/wiki/LuaVersusPerl}, retrieved 23.10.2013",
	key = 			"LvPe",
}

@misc {website:lua_wiki_ruby,
	title = 		"Lua-users wiki: {L}ua {V}ersus {R}uby",
	howpublished = 	"website (wiki)",
	note = 			"\url{http://lua-users.org/wiki/LuaVersusRuby}, retrieved 23.10.2013",
	key = 			"LvR",
}

@misc {website:lua_perl_python_vs,
	title = 		"Python vs {P}erl vs {L}ua - speed comparison",
	howpublished = 	"website (blog post)",
	note = 			"\url{http://flux242.blogspot.no/2013/05/python-vs-perl-vs-lua-speed-comparison.html}, retrieved 18.09.2013",
	key = 			"PPL",
}

@misc{ website:where_lua_is_used,
	title = 		"Where {L}ua {I}s {U}sed",
	author = 		"Merrell, Paul E.",
	howpublished = 	"website (list)",
	note = 			"\url{https://sites.google.com/site/marbux/home/where-lua-is-used}, retrieved 10.09.2013"
}

@misc{ website:luajit_performance,
	title = 		"Lua{JIT} {P}erformance {C}omparison",
	howpublished = 	"LuaJIT official website, performance",
	note =			"\url{http://luajit.org/performance.html}, retrieved 09.09.2013",
	author = 		"Pall, Mike"

}

@misc{ website:computer_language_benchmarks_game,
	title = 		"Computer {L}anguage {B}enchmarks {G}ame",
	howpublished = 	"website (overview of test results)",
	note =			"\url{http://benchmarksgame.alioth.debian.org/}, retrieved 09.09.2013",
	key = 			"CLBG"
}

@misc{ website:win32_computer_language_shootout,
	title = 		"The {G}reat {W}in32 {C}omputer {L}anguage {S}hootout",
	howpublished = 	"website (overview of test results)",
	note =			"\url{http://dada.perl.it/shootout/lua5.html}, retrieved 11.09.2013",
	key = 			"CLS",
	year = 			"2003"
}

@misc{ website:java_embedded_vm,
	title = 		"Oracle - Java {E}mbedded \gls{vm}",
	howpublished = 	"website (product specification)",
	note =			"\url{http://www.oracle.com/technetwork/java/embedded/overview/getstarted/index.html}, retrieved 23.10.2013",
	key = 			"OrJ"
}

@misc{ website:elua_ltr,
	title = 		"e{L}ua - {L}ua {T}iny {RAM}",
	howpublished = 	"website (software specification)",
	note =			"\url{http://www.eluaproject.net/doc/v0.9/en_arch_ltr.html}, retrieved 22.11.2013",
	author =		"Marinescu, Bogdan",
}

@misc{ website:elua_egc,
	title = 		"e{L}ua - {E}mergency {G}arbage {C}ollector",
	howpublished = 	"website (software specification)",
	note =			"\url{http://www.eluaproject.net/doc/v0.9/en_elua_egc.html}, retrieved 22.11.2013",
	author =		"Jakabosky, Robert",
}

@misc{ website:elua_faq,
	title = 		"e{L}ua - {F}requently {A}sked {Q}uestions",
	howpublished = 	"website (software specification)",
	note =			"\url{http://wiki.eluaproject.net/FAQ}, retrieved 23.11.2013",
	key = 			"eLQ",
}

@misc{ website:luasocket,
	title = 		"LuaSocket - {N}etwork support for the {L}ua language",
	howpublished = 	"website (software site)",
	note =			"\url{http://w3.impa.br/~diego/software/luasocket/}, retrieved 23.10.2013",
	author =		"Nehab, Diego",
}

@misc{ website:stellaris_micro,
	title = 		"Texas {I}nstruments - {EKK-LM3S9D92} {E}valuation {K}it",
	howpublished = 	"website (product description)",
	note =			"\url{http://www.ti.com/tool/EKK-LM3S9D92}, retrieved 21.11.2013",
	key = 			"TxI",
}

%*************************************************************
% BOOKS
%*************************************************************
@incollection{ chapter:porting_lua_microcontroller,
	title = 		"Porting {L}ua to a {M}icrocontroller",
	author = 		"Hempel, Ralph",
	editor =		"R. Ierusalimschy and L. H. de Figueiredo and W. Celes",
	booktitle = 	"Lua Programming Gems",
	year = 			"2008",
	crossref = 		"book:lua_programming_gems",
	publisher = 	"Lua.org"
}

@incollection{ chapter:lua_performance_tips,
	title = 		"Lua {P}erformance {T}ips",
	author = 		"Ierusalimschy, Roberto",
	editor =		"R. Ierusalimschy and L. H. de Figueiredo and W. Celes",
	booktitle = 	"Lua Programming Gems",
	year = 			"2008",
	crossref = 		"book:lua_programming_gems",
	publisher = 	"Lua.org"
}


@incollection{ chapter:structural_modeling_uml,
	title = 		"Structural {M}odeling with {UML} 2.0: {C}lasses, {I}nteractions and {S}tate {M}achines",
	author = 		"{\O}ystein Haugen and Birger M{\o}ller-Pedersen and Thomas Weigert",
	booktitle = 	"UML for real",
	year = 			"2003",
	publisher = 	"Kluwer Academic Publishers",
	pages =			"53-76",
}

@book{ book:lua_programming_gems,
	editor =		"R. Ierusalimschy and L. H. de Figueiredo and W. Celes",
	title = 		"Lua {P}rogramming {G}ems",
	publisher = 	"Lua.org",
	year = 			"2008"
}

@book{ book:programming_in_lua_first,
	title = 		"Programming in {L}ua",
	author =    	"Ierusalimschy, Roberto",
	publisher = 	"Lua.org, PUC-Rio",
	year = 			"2003",
	edition = 		"First"
}

@book{ book:einsatz_von_lua_embedded,
	title = 		"Einsatz von {L}ua in {E}mbedded {S}ystems",
	author =    	"Claus Kühnel and Daniel Zwirner",
	publisher = 	"Skript Verlag Kühnel",
	year = 			"2012",
	edition = 		"Second"
}

%*************************************************************
% MANUALS
%*************************************************************

@manual{ manual:lua_reference_manual,
	title = 		"The {L}ua 5.1 {R}eference {M}anual",
	author =    	"R. Ierusalimschy and L. H. de Figueiredo and W. Celes",
	organization = 	"Lua.org",
	year = 			"2011",
	note = 			"\url{http://www.lua.org/manual/5.1/manual.html}",
}

%*************************************************************
% INPROCEEDINGS
%*************************************************************

@inproceedings{ inproceedings:the_evolution_of_lua,
	title = 		"The {E}volution of {L}ua",
	author =     	"R. Ierusalimschy and L. H. de Figueiredo and W. Celes",
	year = 			"2007",
	booktitle = 	"HOPL III - Proceedings of the third ACM SIGPLAN conference on History of programming languages",
	organization = 	"\gls{acm}",
}

%*************************************************************
% PROCEEDINGS
%*************************************************************

@proceedings{ conference:system_analysis_modeling,
	title = 		"System {A}nalysis and {M}odeling: {A}bout {M}odels",
	editor =     	"Frank A. Kraemer and Peter Herrmann",
	year = 			"2010",
	organization = 	"6th International Workshop",
	publisher =		"Springer",
	month = 		"October",
}

%*************************************************************
% PHDTHESIS
%*************************************************************

@phdthesis{ phd:frank,
	title = 		"Engineering {R}eactive {S}ystems: {A} {C}ompositional and {M}odel-{D}riven {M}ethod {B}ased on {C}ollaborative {B}uilding {B}locks",
	author =     	"Frank A. Kraemer",
	year = 			"2008",
	school = 		"Norwegian University of Science and Technology (NTNU)",
}

@phdthesis{ phd:dunkels,
	title = 		"Programming {M}emory-{C}onstrained {N}etworked {E}mbedded {S}ystems",
	author =     	"Adam Dunkels",
	year = 			"2007",
	school = 		"Swedish Institute of Computer Science",
}